@inproceedings{halpern1971boolean,
  title={The Boolean Prime Ideal Theorem Does Not Imply the Axiom of Choice},
  author={Halpern, James D and L{\'e}vy, Azriel},
  booktitle={Proceedings of Symposia in Pure Mathematics},
  publisher={AMS},
  volume={13.1},
  pages={83-134},
  year={1971},
}

@book{herrlich2006axiom,
  title={Axiom of Choice},
  author={Herrlich, Horst},
  year={2006},
  publisher={Springer-Verlag},
  address={Berlin -- Heidelberg}
}

@book{bartsch2015topologie,
  title={Allgemeine Topologie},
  author={Bartsch, R.},
  year={2015},
  publisher={De Gruyter},
  address={Berlin},
  edition={2. Auflage}
}
 
@book{graetzer2003general,
  title={General lattice theory},
  author={Gr{\"a}tzer, George},
  year={2003},
  publisher={Birk{\"a}user Verlag},
  address={Basel -- Boston -- Berlin},
  edition={2. Auflage}
}

@book{kelley1975general,
  title={General Topology},
  author={Kelley, John L.},
  year={1975},
  publisher={Springer-Verlag},
  address={Berlin -- Heidelberg -- New York}
}

@book{jech2008axiom,
  title={The Axiom of Choice},
  author={Jech, Thomas J.},
  year={1973},
  publisher={North-Holland},
  address={Amsterdam -- London}
}

@book{ebbinghaus2003einfuhrung,
  title={Einf{\"u}hrung in die Mengenlehre},
  author={Ebbinghaus, Heinz-Dieter},
  year={2003},
  publisher={Spektrum Akademischer Verlag},
  address={Heidelberg -- Berlin}
}


@book{preuss1972topologische,
  author={Preu{\ss}, Gerhard},
  title={Allgemeine Topologie},
  year={1972},
  publisher={Springer-Verlag},
  address={Berlin -- Heidelberg -- New York}
}

@book{deiser2002einfuhrung,
  title={Einf{\"u}hrung in die Mengenlehre},
  author={Deiser, Oliver},
  edition={3. Auflage},
  year={2010},
  publisher={Springer-Verlag},
  address={Heidelberg -- Dodrecht -- London -- New York}
}

@mastersthesis{dau1994diplom,
   author= {Dau, Frithjof},
   title= {Der Boolesche Primidealsatz},
   year={1994},
   type={Diplomarbeit},
   school={Universität Hannover}
}

@book{poppe1974compactness,
  title={Compactness in General Function Spaces},
  author={Poppe, Harry},
  year={1974},
  publisher={Deutscher Verlag der Wissenschaften},
  address={Berlin}
}

@Incollection{Rhineghost2001,
author={Rhineghost, Y. T.},
editor={Koslowski, J{\"u}rgen and Melton, Austin},
chapter={The Naturals are Lindel{\"o}f iff Ascoli Holds},
booktitle={Categorical Perspectives},
year="2001",
publisher="Birkh{\"a}user",
address="Boston, MA",
pages="191--196",
}

@book{humphreys1972introduction,
  title={Introduction to Lie Algebras and Representation Theory},
  author={Humphreys, J. E.},
  year={1972},
  publisher={Springer},
  address={New York}
}


@book{erdmann2006introduction,
  title={Introduction to Lie Algebras},
  author={Erdmann, K. and Wildon, M. J.},
  year={2006},
  publisher={Springer},
  address={London}
}

@book{humphreys1992reflection,
  title={Reflection Groups and Coxeter Groups},
  author={Humphreys, J. E.},
  year={1990},
  publisher={Cambridge University Press},
  address={Cambridge}
}

@book{hall2015lie,
  title={Lie Groups, Lie Algebras, and Representations: An Elementary Introduction},
  author={Hall, B. C.},
  year={2015},
  publisher={Springer},
  address={Cham},
  edition={2. Auflage}
}


@book{spurk10stroemungslehre,
   author    = {Spurk, J. H. and Aksel, N.},
   title     = {Strömungslehre: Einführung in die Theorie der Strömungen},
   year      = {2010},
   publisher = {Springer},
   address   = {Berlin},
   edition   = {8. Auflage}
}

@book{werner2011fa,
  title={Funktionalanalysis},
  author={Werner, D.},
  year={2011},
  publisher={Springer},
  address={Berlin},
  edition={7. Auflage}
}

@book{sohr2001navier,
  title={The Navier-Stokes Equations: An Elementary Functional Analytic Approach},
  author={Sohr, H.},
  year={2001},
  publisher={Birkh{\"a}user},
  address={Basel}
}

@book{adams2003sobolev,
  title={Sobolev Spaces},
  author={Adams, R. and Fournier, J. J. F.},
  year={2003},
  edition={2. Auflage},
  publisher={Elsevier Academic Press},
  address={Amsterdam}
}


@book{rudin1991fa,
  title={Functional Analysis},
  author={Rudin, W.},
  year={1991},
  edition={2. Auflage},
  publisher={McGraw-Hill},
  address={Boston}
}

@book{koenigsberger2004ana2,
  title={Analysis II},
  author={Königsberger, K.},
  year={2004},
  publisher={Springer},
  address={Berlin},
  edition={4. Auflage}
}

@book{stein1970singular,
  address = {Princeton, New Jersey},
  author = {Stein, Elias M.},
  publisher = {Princeton Univ. Press},
  title = {Singular integrals and differentiability properties of functions},
  year = 1970
}

@book{galdi2011navier,
  address = {New York},
  author = {Galdi, Giovanni P.},
  edition = {2. Auflage},
  publisher = {Springer},
  title = {An introduction to the mathematical theory of the Navier-Stokes equations : steady-state problems},
  year = 2011
}

@book{folland2009ra,
  title={A Guide to Advanced Real Analysis},
  author={Folland, G.B.},
  year={2009},
  publisher={Mathematical Association of America},
  address = {Washington, DC}
}
